<collection xmlns="http://www.loc.gov/MARC21/slim">
<record>
  <leader>03839nam0a2200589 i 450 </leader>
  <controlfield tag="001">IT\ICCU\CNCE\039422</controlfield>
  <controlfield tag="005">20070928000000.0</controlfield>
  <datafield tag="012" ind1=" " ind2=" ">
    <subfield code="a">cem. e?e- inon tiin (3) 1561 (R)</subfield>
    <subfield code="2">fei</subfield>
    <subfield code="9">1</subfield>
  </datafield>
  <datafield tag="012" ind1=" " ind2=" ">
    <subfield code="a">I.s. 6.a- di9. Cotu (3) 1561 (R)</subfield>
    <subfield code="2">fei</subfield>
    <subfield code="9">2</subfield>
  </datafield>
  <datafield tag="100" ind1=" " ind2=" ">
    <subfield code="a">19981031d1561        0itac0103    ba</subfield>
  </datafield>
  <datafield tag="101" ind1=" " ind2=" ">
    <subfield code="a">LAT</subfield>
  </datafield>
  <datafield tag="102" ind1=" " ind2=" ">
    <subfield code="a">IT</subfield>
  </datafield>
  <datafield tag="200" ind1="1" ind2=" ">
    <subfield code="a">Capitula regni vna cum apparatu, ac vtilissimis, et necessariis prioribus, et nouis supplectionibus, insignis ac excellentissimi vtriusque iuris doctoris domini Ioannis Antonii de Nigris de Ciuitate Campanie nouiter illustrata relatis per eum additionibus, et lectura domini Sebastiani de Neapoli, Nicolai de Neapoli, Bartolomei de Capua, &amp; Luce de Penna ... ac cum summariis, repertorio ... ab omnibus mendosis erroribus expurgata</subfield>
  </datafield>
  <datafield tag="210" ind1=" " ind2=" ">
    <subfield code="a">In Ciuitate Campanie</subfield>
    <subfield code="c">apud Io. Dominicum Nibium</subfield>
    <subfield code="d">1561</subfield>
    <subfield code="e">Impressum in Ciuitate Campanie</subfield>
    <subfield code="g">apud Io. Dominicum Nibium de dicta Ciuitate in aedibus eiusdem Io. Dominici eius propriis sumptibus</subfield>
    <subfield code="h">1561 die XIIII mensis Augusti</subfield>
  </datafield>
  <datafield tag="215" ind1=" " ind2=" ">
    <subfield code="a">2 pt.</subfield>
    <subfield code="d">fol</subfield>
  </datafield>
  <datafield tag="300" ind1=" " ind2=" ">
    <subfield code="a">2: Repertorium facundissimum excellentissimi domini Ioannis Antonii de Nigris de Ciuitate Campaniae </subfield>
  </datafield>
  <datafield tag="423" ind1=" " ind2="0">
    <subfield code="1">001IT\ICCU\CNCE\052921</subfield>
    <subfield code="1">2001 </subfield>
    <subfield code="a">Repertorium facundissimum excellentissimi domini Ioannis Antonii de Nigris de Ciuitate Campaniae</subfield>
  </datafield>
  <datafield tag="620" ind1=" " ind2=" ">
    <subfield code="a">IT</subfield>
    <subfield code="d">Campagna</subfield>
  </datafield>
  <datafield tag="700" ind1=" " ind2="1">
    <subfield code="a">De_Nigris,</subfield>
    <subfield code="b">Giovanni Antonio</subfield>
    <subfield code="3">IT\ICCU\CNCA\004752</subfield>
  </datafield>
  <datafield tag="712" ind1="0" ind2="2">
    <subfield code="a">Napoli</subfield>
    <subfield code="c"> &lt;Regno&gt;</subfield>
    <subfield code="3">6856</subfield>
  </datafield>
  <datafield tag="702" ind1=" " ind2="1">
    <subfield code="a">Arcamone,</subfield>
    <subfield code="b">Giovanni</subfield>
    <subfield code="3">IT\ICCU\CNCA\016283</subfield>
  </datafield>
  <datafield tag="702" ind1=" " ind2="1">
    <subfield code="a">Spinelli,</subfield>
    <subfield code="b"></subfield>
    <subfield code="3">IT\ICCU\CNCA\016562</subfield>
  </datafield>
  <datafield tag="702" ind1=" " ind2="0">
    <subfield code="a">Bartolomeo</subfield>
    <subfield code="c"> : da#Capua</subfield>
    <subfield code="3">IT\ICCU\CNCA\001422</subfield>
  </datafield>
  <datafield tag="702" ind1=" " ind2="1">
    <subfield code="a">Napodano,</subfield>
    <subfield code="b">Sebastiano</subfield>
    <subfield code="3">IT\ICCU\CNCA\004425</subfield>
  </datafield>
  <datafield tag="702" ind1=" " ind2="0">
    <subfield code="a">Luca</subfield>
    <subfield code="c"> : da#Penne</subfield>
    <subfield code="3">IT\ICCU\CNCA\004427</subfield>
  </datafield>
  <datafield tag="712" ind1="0" ind2="0">
    <subfield code="a">Nibbio, Giovanni Domenico</subfield>
    <subfield code="3">IT\ICCU\CNCT\002663</subfield>
    <subfield code="4">650</subfield>
  </datafield>
  <datafield tag="790" ind1=" " ind2="1">
    <subfield code="a">Nigris,</subfield>
    <subfield code="b">Giovanni Antonio : de</subfield>
    <subfield code="3">IT\ICCU\CNCA\014785</subfield>
    <subfield code="z">De_Nigris, Giovanni Antonio</subfield>
  </datafield>
  <datafield tag="790" ind1=" " ind2="0">
    <subfield code="a">Nicolaus</subfield>
    <subfield code="c"> : de#Neapoli</subfield>
    <subfield code="3">IT\ICCU\CNCA\016563</subfield>
    <subfield code="z"></subfield>
  </datafield>
  <datafield tag="790" ind1=" " ind2="1">
    <subfield code="a">Spinellus,</subfield>
    <subfield code="b">Nicolaus</subfield>
    <subfield code="3">IT\ICCU\CNCA\023430</subfield>
    <subfield code="z"></subfield>
  </datafield>
  <datafield tag="790" ind1=" " ind2="0">
    <subfield code="a">Bartholomeus</subfield>
    <subfield code="c"> : Capuanus</subfield>
    <subfield code="3">IT\ICCU\CNCA\019085</subfield>
    <subfield code="z">Bartolomeo : da#Capua</subfield>
  </datafield>
  <datafield tag="790" ind1=" " ind2="0">
    <subfield code="a">Bartholomaeus</subfield>
    <subfield code="c"> : de#Capua</subfield>
    <subfield code="3">IT\ICCU\CNCA\019086</subfield>
    <subfield code="z">Bartolomeo : da#Capua</subfield>
  </datafield>
  <datafield tag="790" ind1=" " ind2="0">
    <subfield code="a">Bartolomeo</subfield>
    <subfield code="c"> : di#Capua</subfield>
    <subfield code="3">IT\ICCU\CNCA\022806</subfield>
    <subfield code="z">Bartolomeo : da#Capua</subfield>
  </datafield>
  <datafield tag="790" ind1=" " ind2="0">
    <subfield code="a">Sebastianus</subfield>
    <subfield code="c"> : de#Neapoli</subfield>
    <subfield code="3">IT\ICCU\CNCA\004753</subfield>
    <subfield code="z">Napodano, Sebastiano</subfield>
  </datafield>
  <datafield tag="790" ind1=" " ind2="1">
    <subfield code="a">Napolitano,</subfield>
    <subfield code="b">Sebastiano</subfield>
    <subfield code="3">IT\ICCU\CNCA\018615</subfield>
    <subfield code="z">Napodano, Sebastiano</subfield>
  </datafield>
  <datafield tag="790" ind1=" " ind2="1">
    <subfield code="a">Sebastiani,</subfield>
    <subfield code="b">Napoletano</subfield>
    <subfield code="3">IT\ICCU\CNCA\022324</subfield>
    <subfield code="z">Napodano, Sebastiano</subfield>
  </datafield>
  <datafield tag="790" ind1=" " ind2="1">
    <subfield code="a">Penna,</subfield>
    <subfield code="b">Lucas : de</subfield>
    <subfield code="3">IT\ICCU\CNCA\004755</subfield>
    <subfield code="z">Luca : da#Penne</subfield>
  </datafield>
  <datafield tag="790" ind1=" " ind2="1">
    <subfield code="a">Penna,</subfield>
    <subfield code="b">Luca : de</subfield>
    <subfield code="3">IT\ICCU\CNCA\019600</subfield>
    <subfield code="z">Luca : da#Penne</subfield>
  </datafield>
  <datafield tag="791" ind1="0" ind2="0">
    <subfield code="a">Nibius, Ioannes Dominicus</subfield>
    <subfield code="3">IT\ICCU\CNCT\005111</subfield>
    <subfield code="z">Nibbio, Giovanni Domenico</subfield>
  </datafield>
  <datafield tag="801" ind1=" " ind2="3">
    <subfield code="a">IT</subfield>
    <subfield code="b">ICCU</subfield>
    <subfield code="c">20201114</subfield>
  </datafield>
  <datafield tag="899" ind1=" " ind2=" ">
    <subfield code="a">Biblioteca comunale Francesco Cini. Osimo</subfield>
    <subfield code="1">AN0054</subfield>
    <subfield code="2">URB B2</subfield>
  </datafield>
  <datafield tag="899" ind1=" " ind2=" ">
    <subfield code="a">Biblioteca provinciale Salvatore Tommasi. Bazzano</subfield>
    <subfield code="1">AQ0047</subfield>
    <subfield code="2">ABR PR</subfield>
  </datafield>
  <datafield tag="899" ind1=" " ind2=" ">
    <subfield code="a">Biblioteca della Fondazione Ettore Pomarici Santomasi. Gravina di Puglia</subfield>
    <subfield code="1">BA0143</subfield>
    <subfield code="2">BA1 25</subfield>
  </datafield>
  <datafield tag="899" ind1=" " ind2=" ">
    <subfield code="a">Biblioteca provinciale Tommaso Stigliani. Matera</subfield>
    <subfield code="1">MT0029</subfield>
    <subfield code="2">BAS 01</subfield>
  </datafield>
  <datafield tag="899" ind1=" " ind2=" ">
    <subfield code="a">Biblioteca universitaria. Napoli</subfield>
    <subfield code="1">NA0070</subfield>
    <subfield code="2">NAP BU</subfield>
  </datafield>
  <datafield tag="899" ind1=" " ind2=" ">
    <subfield code="a">Biblioteca comunale Sperelliana. Gubbio</subfield>
    <subfield code="1">PG0049</subfield>
    <subfield code="2">UM1 11</subfield>
  </datafield>
  <datafield tag="899" ind1=" " ind2=" ">
    <subfield code="a">Biblioteca Casanatense. Roma</subfield>
    <subfield code="1">RM0313</subfield>
    <subfield code="2">RML 07</subfield>
  </datafield>
  <datafield tag="899" ind1=" " ind2=" ">
    <subfield code="a">Biblioteca S. Alfonso. Pagani</subfield>
    <subfield code="1">SA0042</subfield>
    <subfield code="2">CAM AL</subfield>
  </datafield>
  <datafield tag="899" ind1=" " ind2=" ">
    <subfield code="a">Collezione privata Tiezzi Mazzoni Della Stella Maestri. Torrita di Siena</subfield>
    <subfield code="1">SI0161</subfield>
    <subfield code="2">ZSI 14</subfield>
  </datafield>
  <datafield tag="899" ind1=" " ind2=" ">
    <subfield code="a">Biblioteca della Facolt ̉di giurisprudenza dell&apos;Universit ̉degli Studi di Teramo. Teramo</subfield>
    <subfield code="1">TE0045</subfield>
    <subfield code="2">ABR R3</subfield>
  </datafield>
  <datafield tag="899" ind1=" " ind2=" ">
    <subfield code="a">British Library. London</subfield>
    <subfield code="1">UK0001</subfield>
  </datafield>
  <datafield tag="911" ind1=" " ind2=" ">
    <subfield code="a">Sul coloph.</subfield>
    <subfield code="9">IT\ICCU\CNCM\001349</subfield>
  </datafield>
  <datafield tag="921" ind1=" " ind2=" ">
    <subfield code="a">IT\ICCU\CNCM\001349</subfield>
    <subfield code="b">Nibbio con campana sulla testa</subfield>
    <subfield code="e">Io. Dominicus Nibius campanus</subfield>
    <subfield code="c">Z893</subfield>
    <subfield code="f">NIBBIO</subfield>
    <subfield code="f">CAMPANA</subfield>
    <subfield code="g">1561</subfield>
  </datafield>
</record>
</collection>
